% Encoding: UTF-8
@article{kay2008god,
  title={God and the government: {T}esting a compensatory control mechanism for the support of external systems.},
  author={Kay, Aaron C and Gaucher, Danielle and Napier, Jamie L and Callan, Mitchell J and Laurin, Kristin},
  journal={Journal of Personality and Social Psychology},
  volume={95},
  number={1},
  pages={18},
  year={2008},
  publisher={American Psychological Association}
}


@article{whitson2008lacking,
  title={Lacking control increases illusory pattern perception},
  author={Whitson, Jennifer A and Galinsky, Adam D},
  journal={Science},
  volume={322},
  number={5898},
  pages={115--117},
  year={2008},
  publisher={American Association for the Advancement of Science}
}

@Article{wood2012dead,
  author    = {Wood, Michael J and Douglas, Karen M and Sutton, Robbie M},
  title     = {Dead and alive: Beliefs in contradictory conspiracy theories},
  journal   = {Social Psychological and Personality Science},
  year      = {2012},
  volume    = {3},
  number    = {6},
  pages     = {767--773},
  publisher = {SAGE Publications Sage CA: Los Angeles, CA},
}

@Book{van2014power,
  title     = {Power, politics, and paranoia: Why people are suspicious of their leaders},
  publisher = {Cambridge: Cambridge University Press},
  year      = {2014},
  author    = {Van Prooijen, Jan-Willem and Van Lange, Paul AM},
}

@InCollection{inglehart1987extremist,
  author    = {Inglehart, Ronald},
  title     = {Extremist political positions and perceptions of conspiracy: {E}ven paranoids have real enemies},
  booktitle = {Changing conceptions of conspiracy},
  publisher = {Nowy Jork: Springer},
  year      = {1987},
  editor    = {Graumann, CF and Moscovici, S},
  pages     = {231--244},
}

@InCollection{prooijen2015mutual,
  author    = {Van Prooijen, JW and Krouwel, A},
  title     = {Mutual suspicion at the political extremes: {How} ideology predicts belief in conspiracy theories},
  booktitle = {The psychology of conspiracy},
  publisher = {Londyn: Routledge},
  year      = {2015},
  editor    = {Bilewicz, M and Cichocka, A and Soral, W},
  pages     = {79-98},
}

@Article{golec2012collective,
  author    = {Golec de Zavala, Agnieszka and Cichocka, Aleksandra},
  title     = {Collective narcissism and anti-Semitism in Poland},
  journal   = {Group Processes \& Intergroup Relations},
  year      = {2012},
  volume    = {15},
  number    = {2},
  pages     = {213--229},
  publisher = {Sage Publications Sage UK: London, England},
}

@InCollection{soral2015socjo,
  author    = {Soral, W and Grzesiak-Feldman, M},
  title     = {Socjo-psychologiczne wyznaczniki wiary w spisek smole≈Ñski},
  booktitle = {Uprzedzenia w {P}olsce},
  publisher = {Warszawa: Liberi Libri},
  year      = {2015},
  editor    = {Stefaniak, A and Bilewicz M and Winiewski, M},
  pages     = {285-304},
}

@article{van2008toward,
  title={Toward an integrative social identity model of collective action: {A} quantitative research synthesis of three socio-psychological perspectives.},
  author={Van Zomeren, Martijn and Postmes, Tom and Spears, Russell},
  journal={Psychological bulletin},
  volume={134},
  number={4},
  pages={504},
  year={2008},
  publisher={American Psychological Association}
}

@Comment{jabref-meta: databaseType:bibtex;}
